# The MIT License (MIT)
#
# Copyright (c) 2020 Yegor Bugayenko
#
# Permission is hereby granted, free of charge, to any person obtaining a copy
# of this software and associated documentation files (the "Software"), to deal
# in the Software without restriction, including without limitation the rights
# to use, copy, modify, merge, publish, distribute, sublicense, and/or sell
# copies of the Software, and to permit persons to whom the Software is
# furnished to do so, subject to the following conditions:
#
# The above copyright notice and this permission notice shall be included
# in all copies or substantial portions of the Software.
#
# THE SOFTWARE IS PROVIDED "AS IS", WITHOUT WARRANTY OF ANY KIND, EXPRESS OR
# IMPLIED, INCLUDING BUT NOT LIMITED TO THE WARRANTIES OF MERCHANTABILITY,
# FITNESS FOR A PARTICULAR PURPOSE AND NON-INFRINGEMENT. IN NO EVENT SHALL THE
# AUTHORS OR COPYRIGHT HOLDERS BE LIABLE FOR ANY CLAIM, DAMAGES OR OTHER
# LIABILITY, WHETHER IN AN ACTION OF CONTRACT, TORT OR OTHERWISE, ARISING FROM,
# OUT OF OR IN CONNECTION WITH THE SOFTWARE OR THE USE OR OTHER DEALINGS IN THE
# SOFTWARE.

@book{eo1,
  title={Elegant Objects},
  author={Yegor Bugayenko},
  year={2016},
  volume={1}
}

@book{eo2,
  title={Elegant Objects},
  author={Yegor Bugayenko},
  year={2017},
  volume={2}
}

@article{yb-hacking,
  author={Yegor Bugayenko},
  title={We are Done with ‘Hacking’},
  journal={Communications of the ACM},
  volume={61},
  issue={7},
  year={2018},
  month={July}
}

@online{yb-award,
  title={Software Quality Award},
  author={Yegor Bugayenko},
  url={https://www.yegor256.com/2015/04/16/award.html},
  year={2015}
}

@online{yb-sins,
  title={Seven Deadly Sins of a Software Project},
  author={Yegor Bugayenko},
  url={https://www.yegor256.com/2015/06/08/deadly-sins-software-project.html},
  year={2015}
}

@online{yb-test-anti,
  title={Unit Testing Anti-Patterns, Full List},
  author={Yegor Bugayenko},
  url={https://www.yegor256.com/2018/12/11/unit-testing-anti-patterns.html},
  year={2018}
}

@online{yb-null,
  title={Why NULL is Bad?},
  author={Yegor Bugayenko},
  url={https://www.yegor256.com/2014/05/13/why-null-is-bad.html},
  year={2014}
}

@online{yb-getters,
  title={Getters/Setters. Evil. Period.},
  author={Yegor Bugayenko},
  url={https://www.yegor256.com/2014/09/16/getters-and-setters-are-evil.html},
  year={2014}
}

@online{yb-casting,
  title={Class Casting Is a Discriminating Anti-Pattern},
  author={Yegor Bugayenko},
  url={https://www.yegor256.com/2015/04/02/class-casting-is-anti-pattern.html},
  year={2015}
}

@online{yb-static,
  title={Utility Classes Have Nothing to Do With Functional Programming},
  author={Yegor Bugayenko},
  url={https://www.yegor256.com/2015/02/20/utility-classes-vs-functional-programming.html},
  year={2015}
}

@online{yb-er,
  title={Don't Create Objects That End With -ER},
  author={Yegor Bugayenko},
  url={https://www.yegor256.com/2015/03/09/objects-end-with-er.html},
  year={2015}
}

@online{yb-immutability,
  title={Objects Should Be Immutable},
  author={Yegor Bugayenko},
  url={https://www.yegor256.com/2014/06/09/objects-should-be-immutable.html},
  year={2014}
}

@online{yb-global-vars,
  title={What's Wrong With Global Variables?},
  author={Yegor Bugayenko},
  url={https://www.yegor256.com/2018/07/03/global-variables.html},
  year={2018}
}

@online{yb-dont-catch,
  title={Catch Me If You ... Can't Do Otherwise},
  author={Yegor Bugayenko},
  url={https://www.yegor256.com/2015/07/09/catch-if-cant-otherwise.html},
  year={2015}
}

@online{yb-dto,
  title={Data Transfer Object Is a Shame},
  author={Yegor Bugayenko},
  url={https://www.yegor256.com/2016/07/06/data-transfer-object.html},
  year={2016}
}

@online{yb-empty-lines,
  title={An Empty Line is a Code Smell},
  author={Yegor Bugayenko},
  url={https://www.yegor256.com/2014/11/03/empty-line-code-smell.html},
  year={2014}
}

@online{yb-utility,
  title={OOP Alternative to Utility Classes},
  author={Yegor Bugayenko},
  url={https://www.yegor256.com/2014/05/05/oop-alternative-to-utility-classes.html},
  year={2016}
}

@online{so-busywait,
  title={What's different between the blocked and busy waiting},
  author={stackoverflow.com},
  url={https://stackoverflow.com/questions/26541119/whats-different-between-the-blocked-and-busy-waiting},
  year={2014}
}

@online{so-field-inj,
  title={Spring Autowire on Properties vs Constructor},
  author={stackoverflow.com},
  url={https://stackoverflow.com/questions/40620000/spring-autowire-on-properties-vs-constructor},
  year={2017}
}

@online{od-field-inj,
  title={Why field injection is evil},
  author={Oliver Drotbohm},
  url={http://olivergierke.de/2013/11/why-field-injection-is-evil/},
  year={2013}
}

@book{holub2004holub,
  title={Holub on patterns: learning design patterns by looking at code},
  author={Holub, Allen},
  year={2004},
  publisher={APress}
}

@book{freeman2008head,
  title={Head first design patterns},
  author={Freeman, Eric and Robson, Elisabeth and Bates, Bert and Sierra, Kathy},
  year={2008},
  publisher={O'Reilly Media, Inc.}
}

@article{fowler2003patterns,
  title={Patterns},
  author={Fowler, Martin},
  journal={IEEE software},
  volume={20},
  number={2},
  pages={56--57},
  year={2003},
  publisher={IEEE}
}

@inproceedings{gamma1993design,
  title={Design patterns: Abstraction and reuse of object-oriented design},
  author={Gamma, Erich and Helm, Richard and Johnson, Ralph and Vlissides, John},
  booktitle={European Conference on Object-Oriented Programming},
  pages={406--431},
  year={1993},
  organization={Springer}
}

@inproceedings{jaafar2013mining,
  title={Mining the relationship between anti-patterns dependencies and fault-proneness},
  author={Jaafar, Fehmi and Gu{\'e}h{\'e}neuc, Yann-Ga{\"e}l and Hamel, Sylvie and Khomh, Foutse},
  booktitle={2013 20th Working Conference on Reverse Engineering (WCRE)},
  pages={351--360},
  year={2013},
  organization={IEEE}
}

@article{andrews2006using,
  title={Using mutation analysis for assessing and comparing testing coverage criteria},
  author={Andrews, James H and Briand, Lionel C and Labiche, Yvan and Namin, Akbar Siami},
  journal={IEEE Transactions on Software Engineering},
  volume={32},
  number={8},
  pages={608--624},
  year={2006},
  publisher={IEEE}
}

@book{martin2009clean,
  title={Clean Code: a Handbook of Agile Software Craftsmanship},
  author={Martin, Robert C},
  year={2009},
  publisher={Pearson Education}
}

@book{mcconnell2004code,
  title={Code Complete},
  author={McConnell, Steve},
  year={2004},
  publisher={Pearson Education}
}

@online{checkstyle,
  title={Checkstyle},
  url={https://checkstyle.sourceforge.io/},
  year={2020}
}

@online{golint,
  title={Golang lint},
  url={https://github.com/golang/lint},
  year={2020}
}

@inproceedings{squamia2019tools,
  title={Survey on Static Analysis Tools of Python Programs},
  author={Gulabovska, Hristina and Porkol, Zoltan},
  booktitle={Proceedings of the Eighth Workshop on Software Quality Analysis, Monitoring, Improvement, and Applications},
  pages={476--487},
  year={2019},
  publisher={IEEE}
}

@inproceedings{li2019cppcheck,
  author={Li, Jin and Huang, Min-Huan and Lu, Shuai-Bing and Li, Hu and Chen, Jin-Fu},
  booktitle={2019 IEEE Fourth International Conference on Data Science in Cyberspace (DSC)}, 
  title={Research on Evaluation Index System for Software Vulnerability Analysis Methods}, 
  year={2019},
  pages={522-527},
  publisher={IEEE}
}
  
@online{rubocop,
  title={RuboCop},
  author={Bozhidar, Batsov},
  url={https://www.batsov.com/rubocop},
  year={2020}
}

@article{kavaler2019tools,
  title={Tool Choice Matters: JavaScript Quality Assurance Tools and Usage Outcomes in GitHub Projects},
  author={Kavaler, David and Trockman, Asher and Vasilescu, Bogdan and Filkov, Vladimir},
  journal={IEEE/ACM 41st International Conference on Software Engineering (ICSE)},
  pages={476--487},
  year={2019},
  publisher={IEEE}
}

@online{mf-ci,
  title={Continuous Integration},
  author={Fowler, Martin},
  url={https://moodle2019-20.ua.es/moodle/pluginfile.php/2228/mod_resource/content/2/martin-fowler-continuous-integration.pdf},
  year={2006}
}

@online{cj-sqin2012,
  title={Software quality in 2012: A survey of the state of art},
  author={Jones, Capers},
  url={http://sqgne.org/presentations/2012-13/Jones-Sep-2012.pdf},
  year={2012}
}

@online{cj-mess,
  title={The Mess of Software Metrics},
  author={Jones, Capers},
  url={https://www.ppi-int.com/wp-content/uploads/2018/02/The-Mess-of-Software-Metrics_Jones-C_2017.pdf},
  year={2017}
}

@inproceedings{miller2008ci,
  author={A. {Miller}},
  booktitle={Agile 2008 Conference}, 
  title={A Hundred Days of Continuous Integration}, 
  year={2008},
  pages={289-293}
}

@book{loeliger2012git,
  title={Version Control with Git},
  author={Loeliger, Jon and McCullough, Matthew},
  year={2012},
  publisher={O'Reilly Media, Inc.}
}

@book{pidoux2014git,
  title={Git Best Practices Guide},
  author={Pidoux, Eric},
  year={2014},
  publisher={Packt Publishing}
}


@book{jones2012economics,
  title={The Economics of Software Quality},
  author={Jones, Capers and Bonsignour, Olivier },
  year={2012},
  publisher={Pearson Education, Inc.}
}

@article{spinellis2005vcs,
  author={D. {Spinellis}},
  journal={IEEE Software}, 
  title={Version control systems}, 
  year={2005},
  volume={22},
  number={5},
  pages={108-109}
}

@inproceedings{marandi2014dre,
  author={Marandi, Arun Kumar and Khan, Danish Ali},
  booktitle={IPEDR}, 
  title={Analytical Phase wise Analysis of Defect Removal Effectiveness to Enhancing the Software Quality}, 
  year={2014},
  volume={75},
  number={10},
  pages={40-46}
}

@online{pf-wp-whichmetricsmatter,
  title={Which Software Quality Metrics Matter?},
  author={{Perforce Software Inc.}},
  url={https://www.perforce.com/resources/qac/which-software-quality-metrics-matter},
  year={2020}
}

@article{spearman1904,
  author={C. {Spearman}},
  journal={The American Journal of Psychology}, 
  title={The Proof and Measurement of Association between Two Things}, 
  year={1904},
  volume={15},
  number={1},
  pages={72-101}
}

@inproceedings{pearson1895,
  author={Pearson, Karl},
  booktitle={Proceedings of the Royal Society of London}, 
  title={Notes on regression and inheritance in the case of two parents}, 
  year={1895},
  volume={58},
  pages={240–242}
}

@article{haffar2019review,
  author={Haffar, Samir and Bazerbachi, Fateh and Murad, M. Hassan},
  journal={Mayo Clinic Proceedings}, 
  title={Peer Review Bias: A Critical Review}, 
  year={2019},
  volume={94},
  number={4},
  pages={670–676}
}